@misc{rethingningDebugger,
  author = {Iulian Dragos},
  title = {{Rethinking the debugger}},
  howpublished = "\url{http://scalacamp.pl/data/async-debugger-slides/index.html#/}",
  year = {2014},
}